@article{weingarten,
  title        = {Integration over compact groups and Weingarten calculus},
  author       = {Collins, Beno{\^{i}}t and {\'S}niady, Piotr},
  journal      = {Communications in Mathematical Physics},
  year         = {2006}
}

@article{page1993,
  title   = {Average Entropy of a Subsystem},
  author  = {Page, Don N.},
  journal = {Phys. Rev. Lett.},
  volume  = {71},
  number  = {9},
  pages   = {1291--1294},
  year    = {1993}
}

@article{lubkin1978,
  title   = {Entropy of an n-System from its Correlation with a k-Reservoir},
  author  = {Lubkin, Elihu},
  journal = {J. Math. Phys.},
  volume  = {19},
  number  = {5},
  pages   = {1028--1031},
  year    = {1978}
}

@article{hubner1994,
  title   = {Computation of Uhlmann's Parallel Transport for Mixed States},
  author  = {H{"u}bner, Markus},
  journal = {Phys. Lett. A},
  volume  = {179},
  pages   = {226--230},
  year    = {1993}
}

@article{dittmann1999,
  title   = {The Bures Metric on the Space of Density Matrices},
  author  = {Dittmann, J{"u}rgen},
  journal = {J. Phys. A: Math. Gen.},
  volume  = {32},
  number  = {14},
  pages   = {2663--2670},
  year    = {1999}
}

@phdthesis{dankert2005,
  title  = {Efficient Simulation of Random Quantum States and Operators},
  author = {Dankert, Christoph},
  school = {University of Waterloo},
  year   = {2005}
}

@article{dankert2009,
  title   = {Exact and Approximate Unitary 2-Designs and their Application to Randomized Benchmarking},
  author  = {Dankert, C. and Cleve, R. and Emerson, J. and Livine, E.},
  journal = {Phys. Rev. A},
  volume  = {80},
  pages   = {012304},
  year    = {2009}
}

@article{bures,
  title        = {An extension of Kakutani's theorem on infinite product measures},
  author       = {Bures, Donald},
  journal      = {Transactions of the American Mathematical Society},
  year         = {1969}
}

@article{uhlmann1976,
  title   = {The Transition Probability in the State Space of a $\ast$-Algebra},
  author  = {Uhlmann, Armin},
  journal = {Reports on Mathematical Physics},
  volume  = {9},
  number  = {2},
  pages   = {273--279},
  year    = {1976}
}

@article{petz1996,
  title   = {Monotone Metrics on Matrix Spaces},
  author  = {Petz, D{\'e}nes},
  journal = {Linear Algebra and its Applications},
  volume  = {244},
  pages   = {81--96},
  year    = {1996}
}

@book{ledoux2001,
  title   = {The Concentration of Measure Phenomenon},
  author  = {Ledoux, Michel},
  publisher = {American Mathematical Society},
  year    = {2001}
}

@article{brandao2016,
  title   = {Local Random Quantum Circuits are Approximate Polynomial-Designs},
  author  = {Brand{\~a}o, Fernando G. S. L. and Harrow, Aram W. and Horodecki, Micha{\l}},
  journal = {Communications in Mathematical Physics},
  volume  = {346},
  pages   = {397--434},
  year    = {2016}
}

@article{magesan2012,
title   = {Characterizing Quantum Gates via Randomized Benchmarking},
  author  = {Magesan, Easwar and Gambetta, Jay M. and Emerson, Joseph},
  journal = {Phys. Rev. A},
  volume  = {85},
  pages   = {042311},
  year    = {2012}
}

@article{Bures1969,
  title={An extension of Kakutani's theorem on infinite product measures},
  author={Bures, D.},
  journal={Trans. AMS},
  year={1969}
}

@article{Page1993,
  title={Average entropy of a subsystem},
  author={Page, D. N.},
  journal={Phys. Rev. Lett.},
  year={1993}
}

@article{Lubkin1978,
  title={Entropy of an n-system from its correlation with a k-reservoir},
  author={Lubkin, E.},
  journal={J. Math. Phys.},
  year={1978}
}

@article{CollinsSniady2006,
  title={Integration over compact groups and Weingarten calculus},
  author={Collins, B. and \'Sniady, P.},
  journal={Commun. Math. Phys.},
  year={2006}
}

@article{HaydenWinter2006,
  title={Aspects of generic entanglement},
  author={Hayden, P. and Winter, A.},
  journal={Commun. Math. Phys.},
  year={2006}
}

@article{harrowlow2009,
  title   = {Random quantum circuits are approximate 2-designs},
  author  = {Harrow, Aram W. and Low, Richard A.},
  journal = {Communications in Mathematical Physics},
  volume  = {291},
  pages   = {257--302},
  year    = {2009}
}

@article{dalessio2016,
  title   = {From quantum chaos and eigenstate thermalization to statistical mechanics},
  author  = {D'Alessio, Luca and Kafri, Yariv and Polkovnikov, Anatoli and Rigol, Marcos},
  journal = {Advances in Physics},
  volume  = {65},
  number  = {3},
  pages   = {239--362},
  year    = {2016}
}

